%% This BibTeX bibliography file was created using BibDesk.
%% http://bibdesk.sourceforge.net/

%% Created for Jake Bowers at 2016-05-25 15:14:21 +0100 


%% Saved with string encoding Unicode (UTF-8) 



@article{o2014generalizing,
	Author = {O'Muircheartaigh, Colm and Hedges, Larry V},
	Date-Added = {2016-05-25 12:19:29 +0000},
	Date-Modified = {2016-05-25 12:19:29 +0000},
	Journal = {Journal of the Royal Statistical Society: Series C (Applied Statistics)},
	Number = {2},
	Pages = {195--210},
	Publisher = {Wiley Online Library},
	Title = {Generalizing from unrepresentative experiments: a stratified propensity score approach},
	Volume = {63},
	Year = {2014}}

@article{aronow2016does,
	Author = {Aronow, Peter M and Samii, Cyrus},
	Date-Added = {2016-05-25 11:50:38 +0000},
	Date-Modified = {2016-05-25 11:50:38 +0000},
	Journal = {American Journal of Political Science},
	Number = {1},
	Pages = {250--267},
	Publisher = {Wiley Online Library},
	Title = {Does Regression Produce Representative Estimates of Causal Effects?},
	Volume = {60},
	Year = {2016}}

@article{stuart2011use,
	Author = {Stuart, Elizabeth A and Cole, Stephen R and Bradshaw, Catherine P and Leaf, Philip J},
	Date-Added = {2016-05-25 11:48:55 +0000},
	Date-Modified = {2016-05-25 11:48:55 +0000},
	Journal = {Journal of the Royal Statistical Society: Series A (Statistics in Society)},
	Number = {2},
	Pages = {369--386},
	Publisher = {Wiley Online Library},
	Title = {The use of propensity scores to assess the generalizability of results from randomized trials},
	Volume = {174},
	Year = {2011}}

@article{dugoff2014generalizing,
	Author = {DuGoff, Eva H and Schuler, Megan and Stuart, Elizabeth A},
	Date-Added = {2016-05-25 11:48:48 +0000},
	Date-Modified = {2016-05-25 11:48:48 +0000},
	Journal = {Health services research},
	Number = {1},
	Pages = {284--303},
	Publisher = {Wiley Online Library},
	Title = {Generalizing observational study results: applying propensity score methods to complex surveys},
	Volume = {49},
	Year = {2014}}

@article{cole2010generalizing,
	Author = {Cole, Stephen R and Stuart, Elizabeth A},
	Date-Added = {2016-05-25 11:48:46 +0000},
	Date-Modified = {2016-05-25 11:48:46 +0000},
	Journal = {American journal of epidemiology},
	Number = {1},
	Pages = {107--115},
	Publisher = {Oxford Univ Press},
	Title = {Generalizing evidence from randomized clinical trials to target populations the actg 320 trial},
	Volume = {172},
	Year = {2010}}

@article{hartman2015sample,
	Author = {Hartman, Erin and Grieve, Richard and Ramsahai, Roland and Sekhon, Jasjeet S},
	Date-Added = {2016-05-25 11:44:45 +0000},
	Date-Modified = {2016-05-25 11:44:45 +0000},
	Journal = {Journal of the Royal Statistical Society: Series A (Statistics in Society)},
	Number = {3},
	Pages = {757--778},
	Publisher = {Wiley Online Library},
	Title = {From sample average treatment effect to population average treatment effect on the treated: combining experimental with observational studies to estimate population treatment effects},
	Volume = {178},
	Year = {2015}}

@book{rosenbaum2010design,
	Author = {Rosenbaum, Paul R.},
	Date-Added = {2016-05-25 11:33:00 +0000},
	Date-Modified = {2016-05-25 11:33:00 +0000},
	Month = {May},
	Publisher = {Springer},
	Title = {Design of Observational Studies},
	Url = {http://www.springer.com/statistics/statistical+theory+and+methods/book/978-1-4419-1212-1},
	Year = {2010},
	Bdsk-Url-1 = {http://www.springer.com/statistics/statistical+theory+and+methods/book/978-1-4419-1212-1}}
